<?xml version="1.0" encoding="UTF-8"?>
<record xmlns="http://www.loc.gov/MARC21/slim">
   <leader>00736cam a2200229   4500</leader>
   <controlfield tag="001">2350434</controlfield>
   <controlfield tag="003">NjP</controlfield>
   <controlfield tag="005">20170727233946.0</controlfield>
   <controlfield tag="008">881116s1970    iq ah    b    000 0 arar </controlfield>
   <datafield tag="024" ind1="7" ind2=" ">
      <subfield code="a">princeton_aco004120</subfield>
      <subfield code="2">local</subfield>
   </datafield>
   <datafield ind1=" " ind2=" " tag="010">
      <subfield code="a">   78271018 /NE </subfield>
   </datafield>
   <datafield ind1=" " ind2=" " tag="035">
      <subfield code="a">(OCoLC)ocm18769761</subfield>
   </datafield>
   <datafield ind1=" " ind2=" " tag="035">
      <subfield code="9">CKY9029TS</subfield>
   </datafield>
   <datafield ind1=" " ind2=" " tag="040">
      <subfield code="a">DLC</subfield>
      <subfield code="c">WAU</subfield>
      <subfield code="d">WAU</subfield>
      <subfield code="d">PUL</subfield>
   </datafield>
   <datafield ind1="0" ind2=" " tag="050">
      <subfield code="a">TR822</subfield>
      <subfield code="b">.A2</subfield>
   </datafield>
   <datafield ind1="2" ind2=" " tag="100">
      <subfield code="a">ʻAbd al-Jabbār, Sālim.</subfield>
   </datafield>
   <datafield ind1="1" ind2="3" tag="245">
      <subfield code="a">al-Taṣwīr al-jināʾī</subfield>
      <subfield code="c">[taʾlīf] Sālim ʻAbd al-Jabbār.</subfield>
   </datafield>
   <datafield ind1=" " ind2=" " tag="250">
      <subfield code="a">al-Ṭabʻah 1.</subfield>
   </datafield>
   <datafield ind1=" " ind2=" " tag="260">
      <subfield code="a">Baghdād,</subfield>
      <subfield code="b">Maṭbaʻat Shafīq,</subfield>
      <subfield code="c">1970.</subfield>
   </datafield>
   <datafield ind1=" " ind2=" " tag="300">
      <subfield code="a">211 p.</subfield>
      <subfield code="b">illus., facsims.</subfield>
      <subfield code="c">25 cm.</subfield>
   </datafield>
   <datafield ind1=" " ind2=" " tag="504">
      <subfield code="a">Bibliography: p. 209.</subfield>
   </datafield>
   <datafield ind1=" " ind2="0" tag="650">
      <subfield code="a">Legal photography.</subfield>
      <subfield code="0">http://id.loc.gov/authorities/subjects/sh85101289</subfield>
   </datafield>
   <datafield ind1=" " ind2=" " tag="945">
      <subfield code="a">ARAB</subfield>
      <subfield code="b">1</subfield>
      <subfield code="c">TR822</subfield>
      <subfield code="d">.A2</subfield>
   </datafield>
   <datafield ind1=" " ind2=" " tag="911">
      <subfield code="a">19990626</subfield>
   </datafield>
   <datafield ind1="0" ind2="0" tag="852">
      <subfield code="0">2643700</subfield>
      <subfield code="b">rcppa</subfield>
      <subfield code="t">1</subfield>
      <subfield code="h">TR822</subfield>
      <subfield code="i">.A2</subfield>
      <subfield code="x">tr fr arab</subfield>
   </datafield>
   <datafield ind1=" " ind2=" " tag="959">
      <subfield code="a">2004-11-18 09:36:03 -0400</subfield>
   </datafield>
</record>
